@book {milnor,
    AUTHOR = {Milnor, J.},
    TITLE = {Morse theory},
    SERIES = {Annals of Mathematics Studies},
    VOLUME = {No. 51},
    NOTE = {Based on lecture notes by M. Spivak and R. Wells},
    PUBLISHER = {Princeton University Press, Princeton, NJ},
    YEAR = {1963},
    PAGES = {vi+153},
    MRCLASS = {57.50 (53.72)},
    MRNUMBER = {163331},
    MRREVIEWER = {H.\ I.\ Levine}
}

@book {hirsch,
    AUTHOR = {Hirsch, Morris W.},
    TITLE = {Differential topology},
    SERIES = {Graduate Texts in Mathematics},
    VOLUME = {No. 33},
    PUBLISHER = {Springer-Verlag, New York-Heidelberg},
    YEAR = {1976},
    PAGES = {x+221},
    MRCLASS = {57DXX (58-01)},
    MRNUMBER = {448362},
    MRREVIEWER = {Ulrich\ Koschorke}
}

@online{gillespie,
    author = "Patrick Gillespie",
    title = "Morse Theory Notes",
    url = "https://web.math.utk.edu/~freire/teaching/m663f21/Morse_Theory_Notes.pdf"
}

@online{wang,
    author = "Zuoqin Wang",
    title = "Lecture 14: Integral Curves of Smooth Manifolds",
    url = "http://staff.ustc.edu.cn/~wangzuoq/Courses/21F-Manifolds/Notes/Lec14.pdf"
}

@unpublished{ludwig,
    author = "Ursula Ludwig",
    title = "Lecture Notes Global Analysis",
    note = "From the lecture 'Global Analysis' held at Universität Münster in the Winter term of 2022/2023"
}

@inbook{audin,
    AUTHOR = {Audin, Mich\`ele and Damian, Mihai},
    TITLE = {Morse theory and {F}loer homology},
    CHAPTER = {1 - 4},
    SERIES = {Universitext},
    NOTE = {Translated from the 2010 French original by Reinie Ern\'{e}},
    PUBLISHER = {Springer, London; EDP Sciences, Les Ulis},
    YEAR = {2014},
    PAGES = {xiv+596},
    ISBN = {978-1-4471-5495-2; 978-1-4471-5496-9; 978-2-7598-0704-8},
    MRCLASS = {53-02 (53D40 58E05)},
    MRNUMBER = {3155456},
    MRREVIEWER = {Sonja\ Hohloch},
    DOI = {10.1007/978-1-4471-5496-9},
    URL = {https://doi.org/10.1007/978-1-4471-5496-9}
}

@article {sard,
    AUTHOR = {Sard, Arthur},
    TITLE = {The measure of the critical values of differentiable maps},
    JOURNAL = {Bull. Amer. Math. Soc.},
    FJOURNAL = {Bulletin of the American Mathematical Society},
    VOLUME = {48},
    YEAR = {1942},
    PAGES = {883--890},
    ISSN = {0002-9904},
    MRCLASS = {27.2X},
    MRNUMBER = {7523},
    MRREVIEWER = {H.\ Blumberg},
    DOI = {10.1090/S0002-9904-1942-07811-6},
    URL = {https://doi.org/10.1090/S0002-9904-1942-07811-6}
}

@article{smale1,
    ISSN = {0003486X},
    URL = {http://www.jstor.org/stable/1970311},
    author = {Stephen Smale},
    journal = {Annals of Mathematics},
    number = {1},
    pages = {199--206},
    publisher = {Annals of Mathematics},
    title = {On Gradient Dynamical Systems},
    urldate = {2023-09-02},
    volume = {74},
    year = {1961}
}

@book{hatcher,
    AUTHOR = {Hatcher, Allen},
    TITLE = {Algebraic topology},
    PUBLISHER = {Cambridge University Press, Cambridge},
    YEAR = {2002},
    PAGES = {xii+544},
    ISBN = {0-521-79160-X; 0-521-79540-0},
    MRCLASS = {55-01 (55-00)},
    MRNUMBER = {1867354},
    MRREVIEWER = {Donald\ W.\ Kahn}
}

@article {whitney,
    AUTHOR = {Whitney, Hassler},
    TITLE = {Differentiable manifolds},
    JOURNAL = {Ann. of Math. (2)},
    FJOURNAL = {Annals of Mathematics. Second Series},
    VOLUME = {37},
    YEAR = {1936},
    NUMBER = {3},
    PAGES = {645--680},
    ISSN = {0003-486X,1939-8980},
    MRCLASS = {99-04},
    MRNUMBER = {1503303},
    DOI = {10.2307/1968482},
    URL = {https://doi.org/10.2307/1968482}
}

@article {morse,
    AUTHOR = {Morse, Marston},
    TITLE = {The critical points of a function of {$n$} variables},
    JOURNAL = {Trans. Amer. Math. Soc.},
    FJOURNAL = {Transactions of the American Mathematical Society},
    VOLUME = {33},
    YEAR = {1931},
    NUMBER = {1},
    PAGES = {72--91},
    ISSN = {0002-9947,1088-6850},
    MRCLASS = {57R70 (58E05)},
    MRNUMBER = {1501576},
    DOI = {10.2307/1989459},
    URL = {https://doi.org/10.2307/1989459}
}
