@book{milnor,
    author = "J. Milnor",
    title = "Morse Theory",
    year = "1963",
    publisher = "Prinston University"
}

@inbook{hirsch,
    author = "Morris W. Hirsch",
    title  = "Differential Topology",
    publisher = "Springer-Verlag",
    year = "1994",
    chapter = "Chapter 6: Morse Theory"
}

@online{gillespie,
    author = "Patrick Gillespie",
    title = "Morse Theory Notes",
    url = "https://web.math.utk.edu/~freire/teaching/m663f21/Morse_Theory_Notes.pdf"
}

@online{wang,
    author = "Zuoqin Wang",
    title = "Lecture 14: Integral Curves of Smooth Manifolds",
    url = "http://staff.ustc.edu.cn/~wangzuoq/Courses/21F-Manifolds/Notes/Lec14.pdf"
}
